@inproceedings{latency_can_kill,
 author = {Claypool, Mark and Claypool, Kajal},
 title = {Latency Can Kill: Precision and Deadline in Online Games},
 booktitle = {ACM SIGMM Conference on Multimedia Systems},
 year = {2010},
 isbn = {978-1-60558-914-5},
 location = {Phoenix, Arizona, USA},
 pages = {215--222},
 numpages = {8},
 acmid = {1730863}
}

@inproceedings{blue_banana,
        title = {Blue {Banana}: resilience to avatar mobility in distributed {MMOGs}},
        shorttitle = {Blue {Banana}},
        booktitle = {Dependable {Systems} and {Networks} ({DSN})},
        author = {Legtchenko, S. and Monnet, S. and Thomas, G.},
        year = {2010},
        pages = {171--180}
}
@INPROCEEDINGS{is_server_consolidation_benefical,
	author={Yeng-Ting Lee and Kuan-Ta Chen}, 
	booktitle={Cloud Computing}, 
	title={Is Server Consolidation Beneficial to MMORPG? A Case Study of World of Warcraft}, 
	year={2010}, 
	month={July}, 
	pages={435-442}, 
	doi={10.1109/CLOUD.2010.57}
}

@inproceedings{solipsis,
  added-at = {2003-10-07T00:00:00.000+0200},
  author = {Keller, Joaqu√≠n and Simon, Gwendal},
  biburl = {http://www.bibsonomy.org/bibtex/29432a57f351c410795b72ba41c563b70/dblp},
  booktitle = {Parallel and Distributed Processing Techniques and Applications},
  date = {2003-10-07},
  description = {dblp},
  interhash = {43c9e8c6ec5ac21c96315b42b93fe684},
  intrahash = {9432a57f351c410795b72ba41c563b70},
  isbn = {1-892512-41-6},
  keywords = {dblp},
  pages = {262-268},
  timestamp = {2003-10-07T00:00:00.000+0200},
  title = {Solipsis: A Massively Multi-Participant Virtual World.},
  year = 2003
}

@INPROCEEDINGS{voronet, 
	author={Beaumont, O. and Kermarrec, A.-M. and Marchal, L. and Riviere, E.}, 
	booktitle={Parallel and Distributed Processing Symposium}, 
	title={VoroNet: A scalable object network based on Voronoi tessellations}, 
	year={2007},
	pages={1-10},
	doi={10.1109/IPDPS.2007.370210}
}
@INPROCEEDINGS{MOPAR,
    author = {Anthony Peiqun Yu and Son T. Vuong},
    title = {MOPAR: a mobile peer-to-peer overlay architecture for interest management of massively multiplayer online games},
    booktitle = {Online Games, Network and Operating System Support for Digital Audio and Video},
    year = {2005},
    pages = {99--104},
}